<?xml version="1.0" encoding="UTF-8"?><collection xmlns="http://www.loc.gov/MARC21/slim"><record><leader>00410nam--2200133-i-4500</leader><controlfield tag="001">000009774</controlfield><controlfield tag="002">20161230</controlfield><controlfield tag="005">20161230201028</controlfield><controlfield tag="008">060222s1000------------r-----000-0-eng-d</controlfield><datafield ind1=" " ind2=" " tag="080"><subfield code="a">530.1</subfield></datafield><datafield ind1=" " ind2=" " tag="245"><subfield code="a">Comptes rendus des troisiemes journees d`etude s de la division de physique theorique aussois 8-13 fevrier 1971</subfield></datafield><datafield ind1=" " ind2=" " tag="260"><subfield code="a">Orsay, Institut De Physique Nucleaire, 1971. 183 P</subfield></datafield><datafield ind1=" " ind2=" " tag="490"><subfield code="a">530.1</subfield></datafield><datafield ind1=" " ind2=" " tag="852"><subfield code="a">35329</subfield></datafield></record></collection>